@inproceedings{tiwari2017candoia,
  author = {Nitin Mukesh Tiwari and Ganesha Upadhyaya and Hoan Anh Nguyen and Hridesh Rajan},
  title = {Candoia: A Platform for Building and Sharing Mining Software Repositories Tools as Apps},
  booktitle = {MSR'17: 14th International Conference on Mining Software Repositories},
  location = {Buenos Aires, Argentina},
  month = {May},
  year = {2017},
  entrysubtype = {conference},

}

@InProceedings{zmz15,
  author = 	 {Zheng, Qimu and Mockus, Audris and Zhou, Minghui},
  title = 	 {A Method to Identify and Correct Problematic Software Activity Data: Exploiting Capacity Constraints and Data Redundancies},
  booktitle = {{ESEC/FSE'15}},
  year = 	 2015,
  address = 	 {Florence, Italy},
  publisher = {ACM},
  url = "papers/correct.pdf"
}

@InProceedings{zm14,
  author = 	 {Minghui Zhou and Audris Mockus},
  title = 	 {Mining Micro-practices from Operational Data},
  booktitle = {The 22nd ACM SIGSOFT International Symposium on the Foundations of Software Engineering},
  year = 	 2014,
  month = 	 {November 16-21},
  address = 	 {Hong Kong}
}
@InProceedings{M14,
  author = 	 {Audris Mockus},
  title = 	 {Engineering Big Data Solutions},
  booktitle = {ICSE'14 FOSE},
  year = 	 2014,
  url={papers/BigData.pdf},
  slides={papers/bigdata-slides.pdf}
}
@InProceedings{MNHAM13,
  author = 	 {Shane McIntosh and Meiyappan Nagappan and Ahmed E. Hassan and Bram Adams and Audris Mockus},
  title = 	 {A Large-Scale Empirical Study of the Relationship Between Build Technology and Build Maintenance},
  booktitle = {EMSE},
  year = 	 2013,
  note = 	 {submitted},
 annote = ignore
}


@InProceedings{M09msr,
  author = 	 {Audris Mockus},
  title = 	 {Amassing and indexing a large sample of version
  control systems: towards the census of public source code history},
  booktitle = {6th IEEE Working Conference on Mining Software Repositories },
  year = 	 2009,
  month = 	 {May 16--17},
url = "papers/amassing.pdf",
slides = "papers/amassing-slides.pdf"
}


@inproceedings{M07,
        AUTHOR  = {Audris Mockus},
        TITLE   = {Large-scale code reuse in open source software},
        BOOKTITLE = {ICSE'07 Intl. Workshop on Emerging Trends in FLOSS Research and Development},
        ADDRESS = {Minneapolis, Minnesota},
        MONTH   = {May 21},
        url = {papers/ossreuse.pdf},
        slides = {papers/ossreuse.slides.pdf},
        YEAR    = 2007
}
@inproceedings{TaRe,
        AUTHOR  = {Sunghun Kim and Thomas Zimmermann and Miryung Kim and Ahmed E. Hassan and Audris Mockus and Tudor G\^{i}rba and Martin Pinzger and E. James Whitehead Jr. and Andreas Zeller},
        TITLE   = {TA-RE: an exchange language for mining software repositories.},
        BOOKTITLE = {ICSE'06 Workshop on Mining Software Repositories},
        ADDRESS = {Shanghai, China},
        MONTH   = {May 22-23},
        YEAR    = 2006,
        pages   = {22-25},
        url = {http://dl.acm.org/authorize?804411}
}
@incollection{hackbarth2016assessing,
  title={Assessing the State of Software in a Large Enterprise: A 12-Year Retrospective},
  author={Hackbarth, Randy and Mockus, Audris and Palframan, John and Weiss, David},
  booktitle={The Art and Science of Analyzing Software Data},
  pages={411--451},
  year={2016},
  publisher={Elsevier}
}
@article{gorton2016software,
  title={Software engineering for big data systems},
  author={Gorton, Ian and Bener, Ayse Basar and Mockus, Audris},
  journal={IEEE Software},
  volume={33},
  number={2},
  pages={32--35},
  year={2016},
  publisher={IEEE}
}
@Article{HMPQ10,
  author = 	 {Randy Hackbarth and Audris Mockus and John Palframan and David Weiss},
  title = 	 {Assessing the State of Software in a Large Enterprise},
  journal = 	 {Journal of Empirical Software Engineering},
  year = 	 2010,
  volume = 10,
  number = 3,
  pages = {219--249}
}

@article{czerwonka2013codemine,
  title={Codemine: Building a software development data analytics platform at microsoft},
  author={Czerwonka, Jacek and Nagappan, Nachiappan and Schulte, Wolfram and Murphy, Brendan},
  journal={IEEE software},
  volume={30},
  number={4},
  pages={64--71},
  year={2013},
  publisher={IEEE}
}
@article{lueck2014internet,
  title={Internet Archive: Digital Library of Free Books, Movies, Music, and Wayback Machine/The Internet Archive Companion: This nonprofit website was established in 1996 in San Francisco by Brewster Kahle, digital librarian, https://archive. org/. Reviewed December 2013 The Internet Archive Companion: The mobile application for the Internet Archive, developed by Hunter L. Brown, can be used to view the archival holdings through the iPhone and iPad. The app is available as a free download through iTunes. Reviewed December 2013},
  author={Lueck, Terry},
  journal={American Journalism},
  volume={31},
  number={2},
  pages={299--301},
  year={2014},
  publisher={Taylor \& Francis}
}
@misc{di2017software,
  title={Software Heritage: WhyandHowtoPreserveSoftwareSourceCode. iPRES 2017},
  author={Di Cosmo, Roberto and Zacchiroli, Stefano},
  year={2017}
}
@article{howison2006flossmole,
  title={FLOSSmole: A collaborative repository for FLOSS research data and analyses},
  author={Howison, James and Conklin, Megan and Crowston, Kevin},
  journal={International Journal of Information Technology and Web Engineering (IJITWE)},
  volume={1},
  number={3},
  pages={17--26},
  year={2006},
  publisher={IGI Global}
}
@inproceedings{tiwari2016candoia,
  title={Candoia: A platform and ecosystem for mining software repositories tools},
  author={Tiwari, Nitin M and Upadhyaya, Ganesha and Rajan, Hridesh},
  booktitle={Proceedings of the 38th International Conference on Software Engineering Companion},
  pages={759--764},
  year={2016},
  organization={ACM}
}
@incollection{dyer2016boa,
  title={Boa: An Enabling Language and Infrastructure for Ultra-Large-Scale MSR Studies},
  author={Dyer, Robert and Nguyen, Hoan and Rajan, Hridesh and Nguyen, Tien},
  booktitle={The Art and Science of Analyzing Software Data},
  pages={593--621},
  year={2016},
  publisher={Elsevier}
}
